% Encoding: UTF-8

@Article{PhysRevC.77.034904,
  author    = {Selyuzhenkov, Ilya and Voloshin, Sergei},
  title     = {Effects of nonuniform acceptance in anisotropic flow measurements},
  journal   = {Phys. Rev. C},
  year      = {2008},
  volume    = {77},
  pages     = {034904},
  month     = {Mar},
  doi       = {10.1103/PhysRevC.77.034904},
  issue     = {3},
  numpages  = {6},
  publisher = {American Physical Society},
  url       = {https://link.aps.org/doi/10.1103/PhysRevC.77.034904},
}

@Article{PhysRevC.56.3254,
  author    = {Barrette, J. and Bellwied, R. and Bennett, S. and Bersch, R. and Braun-Munzinger, P. and Chang, W. C. and Cleland, W. E. and Clemen, M. and Cole, J. and Cormier, T. M. and Dai, Y. and David, G. and Dee, J. and Dietzsch, O. and Drigert, M. and Filimonov, K. and Johnson, S. C. and Hall, J. R. and Hemmick, T. K. and Herrmann, N. and Hong, B. and Kwon, Y. and Lacasse, R. and Li, Q. and Ludlam, T. W. and Mark, S. K. and Matheus, R. and McCorkle, S. and Murgatroyd, J. T. and Mi\ifmmode \acute{s}\else \'{s}\fi{}kowiec, D. and O'Brien, E. and Panitkin, S. and Piazza, T. and Pollack, M. and Pruneau, C. and Rao, M. N. and Reber, E. and Rosati, M. and da Silva, N. C. and Sedykh, S. and Sonnadara, U. and Stachel, J. and Takagui, E. M. and Voloshin, S. and Vongpaseuth, T. B. and Wang, G. and Wessels, J. P. and Woody, C. L. and Xu, N. and Zhang, Y. and Zou, C.},
  title     = {Proton and pion production relative to the reaction plane in Au + Au collisions at 11$A$ GeV/$c$},
  journal   = {Phys. Rev. C},
  year      = {1997},
  volume    = {56},
  pages     = {3254--3264},
  month     = {Dec},
  doi       = {10.1103/PhysRevC.56.3254},
  issue     = {6},
  numpages  = {0},
  publisher = {American Physical Society},
  url       = {https://link.aps.org/doi/10.1103/PhysRevC.56.3254},
}

@Comment{jabref-meta: databaseType:bibtex;}
